<record><leader>00000cas a22000007a 4500</leader><controlfield tag="001">11570603</controlfield><controlfield tag="008">850111d18481855njudn ne      0    0eng d</controlfield><datafield ind1=" " ind2=" " tag="010"><subfield code="a">sn 85025083 </subfield></datafield><datafield ind1=" " ind2=" " tag="040"><subfield code="a">NPX</subfield><subfield code="b">eng</subfield><subfield code="c">NPX</subfield><subfield code="d">NPA</subfield><subfield code="d">NJW</subfield><subfield code="d">OCLCQ</subfield></datafield><datafield ind1=" " ind2=" " tag="042"><subfield code="a">msc</subfield></datafield><datafield ind1="0" ind2="0" tag="245"><subfield code="a">Daily sentinel and advertiser.</subfield></datafield><datafield ind1="3" ind2="0" tag="246"><subfield code="a">Daily sentinel &amp; advertiser</subfield></datafield><datafield ind1=" " ind2=" " tag="260"><subfield code="a">Jersey City [N.J.] :</subfield><subfield code="b">Luther A. Pratt &amp; Co.</subfield></datafield><datafield ind1=" " ind2=" " tag="300"><subfield code="a">v.</subfield></datafield><datafield ind1=" " ind2=" " tag="310"><subfield code="a">Daily (except Sun.)</subfield></datafield><datafield ind1="1" ind2=" " tag="362"><subfield code="a">Began with Mar. 17, 1848 issue; ceased with May 21, 1855 issue.</subfield></datafield><datafield ind1=" " ind2=" " tag="500"><subfield code="a">Publishers: W.W. &amp; L.A. Pratt, 1848-1854; Luther A. Pratt &amp; Co., 1854-1855.</subfield></datafield><datafield ind1=" " ind2=" " tag="500"><subfield code="a">Editors: William W. Pratt, 1848-1854; Luther A. Pratt, &lt;1852&gt;-1855.</subfield></datafield><datafield ind1=" " ind2=" " tag="530"><subfield code="a">Also issued on microfilm by Micro-Graphic Corp., Garfield, N.J.</subfield></datafield><datafield ind1=" " ind2=" " tag="588"><subfield code="a">Description based on: Vol. 8, no. 60 (May 3, 1849).</subfield></datafield><datafield ind1=" " ind2=" " tag="752"><subfield code="a">United States</subfield><subfield code="b">New Jersey</subfield><subfield code="c">Hudson</subfield><subfield code="d">Jersey City.</subfield></datafield><datafield ind1="0" ind2="4" tag="780"><subfield code="t">Evening sentinel (Jersey City, N.J.)</subfield><subfield code="w">(DLC)sn 88071298</subfield></datafield><datafield ind1="0" ind2="4" tag="780"><subfield code="t">Jersey City advertiser and Hudson County Republican</subfield><subfield code="w">(DLC)sn 87068096</subfield><subfield code="w">(OCoLC)15671937</subfield></datafield><datafield ind1="0" ind2="0" tag="785"><subfield code="t">Jersey City daily sentinel</subfield><subfield code="w">(DLC)sn 84026013</subfield><subfield code="w">(OCoLC)10260451</subfield></datafield><datafield ind1="1" ind2=" " tag="029"><subfield code="a">AU@</subfield><subfield code="b">000025817471</subfield></datafield></record>